<?xml version="1.0" encoding="utf-8"?>
<record xmlns="http://www.loc.gov/MARC21/slim" xmlns:xsi="http://www.w3.org/2001/XMLSchema-instance" xsi:schemaLocation="http://www.loc.gov/MARC21/slim http://www.loc.gov/standards/marcxml/schema/MARC21slim.xsd">
	<leader>     nam a22     Mi 4500</leader>
	<controlfield tag="001">6318</controlfield>
	<controlfield tag="003">aeadna</controlfield>
	<controlfield tag="006">m        d        </controlfield>
	<controlfield tag="007">cr cn |||m|||a</controlfield>
	<controlfield tag="008">220311s1928  uaua    bfo  ara00  0dara|d</controlfield>
	<datafield ind1=" " ind2=" " tag="040">
		<subfield code="a">ZYU</subfield>
		<subfield code="b">ara</subfield>
		<subfield code="c">ZYU</subfield>
	</datafield>
	<datafield ind1="0" ind2=" " tag="041">
		<subfield code="a">ara</subfield>
	</datafield>
	<datafield ind1=" " ind2=" " tag="043">
		<subfield code="a">aw----- </subfield>
		<subfield code="a"> ff----- </subfield>
		<subfield code="a"> e-sp--- </subfield>
		<subfield code="a"> a------ </subfield>
		<subfield code="a"> f------</subfield>
	</datafield>
	<datafield ind1=" " ind2="4" tag="050">
		<subfield code="a">G370</subfield>
		<subfield code="b">.I2 1928</subfield>
	</datafield>
	<datafield ind1=" " ind2=" " tag="066">
		<subfield code="c">(3</subfield>
	</datafield>
	<datafield ind1="1" ind2="0" tag="082">
		<subfield code="a">910.91</subfield>
		<subfield code="b">21</subfield>
	</datafield>
	<datafield ind1="1" ind2=" " tag="100">
		<subfield code="a">ابن بطوطة،</subfield>
		<subfield code="d">1377-1304م.</subfield>
	</datafield>
	<datafield ind1="1" ind2="0" tag="245">
		<subfield code="a">رحلة ابن بطوطة، المسماة، تحفة النظار في غرائب الأمصار وعجائب الأسفار</subfield>
		<subfield code="h">[electronic resource].</subfield>
	</datafield>
	<datafield ind1="3" ind2="0" tag="246">
		<subfield code="a">تحفة النظار من غرائب الأمصار وعجائب الأسفار</subfield>
	</datafield>
	<datafield ind1=" " ind2=" " tag="250">
		<subfield code="a">ط.1</subfield>
	</datafield>
	<datafield ind1=" " ind2=" " tag="260">
		<subfield code="a">[القاهرة :</subfield>
		<subfield code="b">د.ن.]:</subfield>
		<subfield code="c">1928م.</subfield>
		<subfield code="e">(القاهرة :</subfield>
		<subfield code="f">المطبعة الأزهرية)</subfield>
	</datafield>
	<datafield ind1=" " ind2=" " tag="300">
		<subfield code="a">online resource (2 ج. في1، 1-8) :</subfield>
		<subfield code="b">خرائط؛</subfield>
	</datafield>
	<datafield ind1=" " ind2=" " tag="500">
		<subfield code="a">محمد بن عبد الله بن محمد اللواتي الطنجي المعروف بابن َبـُّطوَطة (ولد في 24 فبراير 1304 - 1377م بطنجة) (703 - 779هـ) هو رحالة ومؤرخ وقاض وفقيه مغربي أمازيغي لقب بـأمير الرحالين المسلمين. خرج من طنجة سنة 725 هـ فطاف بلاد المغرب ومصر والسودان والشام والحجاز وتهامة ونجد والعراق وفارس واليمن وعمان والبحرين وتركستان وما وراء النهر وبعض الهند والصين الجاوة وبلاد التتار وأواسط أفريقيا. وإتصل بكثير من الملوك والأمراء فمدحهم - وكان ينظم الشعر - واستعان بهباتهم على أسفاره.</subfield>
	</datafield>
	<datafield ind1=" " ind2=" " tag="500">
		<subfield code="a">عدد صفحات الجزء الول من الكتاب (256) صفحة. وعدد صفحات الجزء الّثاني (208) صفحات</subfield>
	</datafield>
	<datafield ind1=" " ind2=" " tag="500">
		<subfield code="a">طبع الكتاب بالمطبعة الأزهرية على نفقة أصحابها ورثة المرحوم فضيلة الشيخ محمد عبد الخالق المهدي.</subfield>
	</datafield>
	<datafield ind1=" " ind2=" " tag="500">
		<subfield code="a">الكتاب: مجّلد. حالته الماّدية: توجد خروم  في الكتاب وبالّتحديد في الصفحات الأولى منه.</subfield>
	</datafield>
	<datafield ind1=" " ind2=" " tag="500">
		<subfield code="a">Part of the Arabic Collections Online (ACO) project, contributed by United Arab Emirates National Archives.</subfield>
	</datafield>
	<datafield ind1=" " ind2=" " tag="520">
		<subfield code="a">ُتحفة الُّنظار في غرائب الأمصار وعجائب الأسفار المعروف أيضًا باسم رحلة ابن بطوطة هو كتاب يصف رحلة ابن بطوطة، ويتحدث عن أهلها وحكامها وعلمها، ويصف الألبسة بألوانها وأشكالها وحيويتها ودلالتها، ولا ينسى الأطعمة وأنواعها وطريقة صناعتها، بعد أن أمضى 30 عاما في الرحلات في بلدان العالم. أمر السلطان أبو عنان المريني بتدوين هذه الرحلة واختار لذلك فقيها أندلسيا التحق ببلاط بني مرين وهو ابن جزي الكلبي، وكان إملاؤها بمدينة فاس سنة 756 هـ. ُترجم هذا الكتاب إلى عدة لغات مثل البرتغالية والفرنسية والإنجليزية، وُترجمت فصول منه إلى الألمانية.</subfield>
	</datafield>
	<datafield ind1=" " ind2=" " tag="533">
		<subfield code="a">Electronic reproduction.</subfield>
		<subfield code="b">New York, N.Y. :</subfield>
		<subfield code="c">New York University,</subfield>
		<subfield code="d">2022.</subfield>
		<subfield code="5">NNU</subfield>
	</datafield>
	<datafield ind1=" " ind2=" " tag="541">
		<subfield code="a">هدية سمو الشيخ فالح بن ناصر آل ثاني إلى مكتبة مركز الوثائق والدراسات أبو ظبي</subfield>
	</datafield>
	<datafield ind1="2" ind2="4" tag="600">
		<subfield code="a">ابن بطوطة،</subfield>
		<subfield code="d">1377-1304م.</subfield>
	</datafield>
	<datafield ind1=" " ind2="4" tag="650">
		<subfield code="a">الرحلات.</subfield>
	</datafield>
	<datafield ind1=" " ind2="4" tag="650">
		<subfield code="a">الرحالة</subfield>
		<subfield code="z">العالم الإسلامي</subfield>
		<subfield code="v">تراجم.</subfield>
	</datafield>
	<datafield ind1=" " ind2="4" tag="651">
		<subfield code="a">آسيا</subfield>
		<subfield code="x">وصف ورحلات.</subfield>
	</datafield>
	<datafield ind1=" " ind2="4" tag="651">
		<subfield code="a">أفريقيا</subfield>
		<subfield code="x">وصف ورحلات.</subfield>
	</datafield>
	<datafield ind1="2" ind2=" " tag="710">
		<subfield code="a">Abu Dhabi (United Arab Emirates).</subfield>
		<subfield code="b">National Archives.</subfield>
	</datafield>
	<datafield ind1="0" ind2=" " tag="730">
		<subfield code="a">Arabic Collections Online.</subfield>
	</datafield>
	<datafield ind1="0" ind2=" " tag="775">
		<subfield code="a">ابن بطوطة،</subfield>
		<subfield code="d">بيروت : المكتبة العصرية، 2005م.</subfield>
		<subfield code="f">0</subfield>
		<subfield code="t">رحلة ابن بطوطة المسماة تحفة النظار في غرائب الأمصار وعجائب الأسفار /</subfield>
	</datafield>
	<datafield ind1="0" ind2=" " tag="775">
		<subfield code="a">ابن بطوطة،</subfield>
		<subfield code="d">بيروت : دار صادر : دار بيروت، 1964م.</subfield>
		<subfield code="t">رحلة إبن بطوطة</subfield>
	</datafield>
	<datafield ind1="0" ind2="8" tag="776">
		<subfield code="i">Print version:</subfield>
		<subfield code="a">ابن بطوطة، 1377-1304م.</subfield>
		<subfield code="t">رحلة ابن بطوطة، المسماة، تحفة النظار في غرائب الأمصار وعجائب الأسفار</subfield>
		<subfield code="w">(aeadna)6318</subfield>
	</datafield>
	<datafield ind1="4" ind2="0" tag="856">
		<subfield code="u">http://hdl.handle.net/2333.1/mkkwhjw9</subfield>
	</datafield>
	<datafield ind1=" " ind2=" " tag="949">
		<subfield code="a">910.91 ب ظ ر ح</subfield>
		<subfield code="v">1</subfield>
		<subfield code="w">DDC</subfield>
		<subfield code="i">30018000012200</subfield>
		<subfield code="u">06/23/2003</subfield>
		<subfield code="d">04/26/2010</subfield>
		<subfield code="e">01/26/2010</subfield>
		<subfield code="n">2</subfield>
		<subfield code="t">Book</subfield>
		<subfield code="l">i</subfield>
		<subfield code="m">MAIN</subfield>
		<subfield code="j">0</subfield>
		<subfield code="x">RAR</subfield>
	</datafield>
	<datafield ind1=" " ind2=" " tag="959">
		<subfield code="a">NNU</subfield>
		<subfield code="b">WEB</subfield>
		<subfield code="c">GENI</subfield>
		<subfield code="t">0</subfield>
		<subfield code="m">Electronic access</subfield>
		<subfield code="s">01</subfield>
	</datafield>
	<datafield ind1=" " ind2=" " tag="999">
		<subfield code="i">aeadna_6318</subfield>
		<subfield code="s">uaena_aco000076:1</subfield>
		<subfield code="e">(ERROR-880)</subfield>
	</datafield>
</record>
